@article{Schroeder65,
  author  = {Manfred R. Schroeder},
  title   = {New method of measuring reverberation time.},
  journal = {The Journal of the Acoustical Society of America},
  year    = 1965,
  number  = 37,
  pages   = {409–412}
}

@techreport{DIN_18041,
   title       = "{Hörsamkeit in kleinen bis mittelgroßen Räumen}",
   type        = "{Norm}",
   key         = {DIN 18041:2004-05},
   number      = {DIN 18041},
   year        = {2004},
   month       = {Mai},
   publisher   = "{DIN}",
   institution = "{DIN}"
}
