@article{Schroeder65,
  author  = {Manfred R. Schroeder},
  title   = {New method of measuring reverberation time.},
  journal = {The Journal of the Acoustical Society of America},
  year    = 1965,
  number  = 37,
  pages   = {409–412}
}

@techreport{DIN_18041,
   title       = "{Hörsamkeit in kleinen bis mittelgroßen Räumen}",
   type        = "{Norm}",
   key         = {DIN 18041:2004-05},
   number      = {DIN 18041},
   year        = {2004},
   month       = {Mai},
   publisher   = "{DIN}",
   institution = "{DIN}"
}

@book{Weinzierl08,
    author    = "Stefan Weinzierl",
    title     = "Handbuch der Audiotechnik",
    publisher = "Springer-Verlag",
    volume    = "1",
    year      = "2008"
}

@book{Moeser15,
    author    = "Michael Möser",
    title     = "Technische Akustik",
    publisher = "Springer-Verlag",
    volume    = "10",
    year      = "2015",
    isbn      = "978-3-662-47703-8"
}

@misc{KM120,
  title = {Produktseite des KM120 von Neumann},
  howpublished = {\url{https://www.neumann.com/?lang=de&id=hist_microphones&cid=km100_data}},
  note = {Zugriff: 2017-07-12}
}

@misc{SM58,
  title = {Produktseite des SM58 von Shure},
  howpublished = {\url{https://www.shure.de/produkte/mikrofone/sm58}},
  note = {Zugriff: 2017-07-12}
}

@misc{KM184,
  title = {Produktseite des KM184 von Neumann},
  howpublished = {\url{https://www.neumann.com/?lang=de&id=current_microphones&cid=km180_data}},
  note = {Zugriff: 2017-07-12}
}
